@misc{wikipedia2019,
    author = "{Wikipedia contributors}",
    title = "Free group --- {Wikipedia}{,} The Free Encyclopedia",
    year = "2019",
    howpublished = "\url{https://en.wikipedia.org/w/index.php?title=Free_group&oldid=882627634}",
    note = "[Online; accessed 21-February-2019]"
  }

@manual{sagemath2019,
  Key          = {SageMath},
  Author       = {{The Sage Developers}},
  Title        = {{S}ageMath, the {S}age {M}athematics {S}oftware {S}ystem ({V}ersion 8.6)},
  url          = "https://www.sagemath.org",
  Year         = {2019}
}

@article{sympy2017,
 title = {SymPy: symbolic computing in Python},
 author = {Meurer, Aaron and others},
 year = 2017,
 month = jan,
 keywords = {Python, Computer algebra system, Symbolics},
 volume = 3,
 pages = {e103},
 journal = {PeerJ Computer Science},
 issn = {2376-5992},
 url = {https://doi.org/10.7717/peerj-cs.103},
 doi = {10.7717/peerj-cs.103}
}

@Book{snygg2010,
  author =	 {J. Snygg},
 title = 	 {A new approach to differential geometry using {C}lifford's geometric algebra},
  publisher = 	 {Birkh\"{a}user},
  year = 	 {2010}
  }
                  
@misc{hankin2022_clifford,
         title = "Clifford algebra in {R}",
         author = {R. K. S. Hankin},
         doi = "10.48550/ARXIV.2209.13659",
         url = "https://arxiv.org/abs/2209.13659",
         publisher = "arXiv",
         year = {2022}
}

@Manual{hankin2019,
    title = {\pkg{stokes}: The Exterior Calculus},
    author = {R. K. S. Hankin},
    year = {2019},
    note = {\proglang{R} package version 1.1-6},
    url = {https://github.com/RobinHankin/stokes.git},
  }
                  
@misc{hankin2022_stokes,
  doi = {10.48550/ARXIV.2210.17008},
  url = {https://arxiv.org/abs/2210.17008},
  author = {R. K. S. Hankin},
  title = {Stokes's theorem in \proglang{R}},
  publisher = "arXiv",
  year = {2022},
  }

@misc{ablamowicz2012,
    title={Symbolic Computations in Higher Dimensional Clifford Algebras},
    author={Rafal Ab\l{}amowicz and Bertfried Fauser},
    year={2012},
    eprint={1206.3683},
    archivePrefix={arXiv},
    primaryClass={math-ph}
}

@misc{chisholm2012,
  doi = {10.48550/ARXIV.1205.5935},
  url = {https://arxiv.org/abs/1205.5935},
  author = {Chisolm, Eric},
  keywords = {Mathematical Physics (math-ph), FOS: Physical sciences, FOS: Physical sciences},
  title = {Geometric Algebra},
  publisher = {arXiv},
  year = {2012},
  copyright = {arXiv.org perpetual, non-exclusive license}
}

@InBook{dorst2002,
  author =	 {L. Dorst},
  ALTeditor = 	 {L. Dorst and C. Doran and J. Lasenby},
  title = 	 {Applications of geometric algebra in computer science and engineering},
  chapter = 	 {2},
  publisher = 	 {Birkh\"{a}user},
  year = 	 {2002},
  pages =	 {35--46}
  }
                  
@misc{hankin2022_lorentz,
  doi = {10.48550/ARXIV.2212.07005},
  url = {https://arxiv.org/abs/2212.07005},
  author = {R. K. S. Hankin},
  title = {A systematic search for a three-velocity gyrodistributive law in special relativity with the lorentz {R} package},
  publisher = {arXiv},
  year = {2022}
  }

@Article{hankin2005,
  author = 	 {R. K. S. Hankin},
  title = 	 {Introducing {BACCO}, an {R} bundle for {B}ayesian analysis of computer code output},
  journal = 	 {Journal of Statistical Software},
  year = 	 {2005},
  volume =	 {14},
  number =	 {16},
  month =	 {October}
}

@misc{hankin2022_disordR,
         title = "Disordered vectors in {R}: introducing the disordR package",
         author   = "R. K. S. Hankin",
         year = "2022",
         publisher = "arXiv",
         doi = "10.48550/ARXIV.2210.03856",
         url = "https://arxiv.org/abs/2210.03856"
}
                  
@Book{hestenes1987,
  author =	 {D. Hestenes and G. Sobczyk},
  title = 	 {Clifford algebra to geometric calculus},
  publisher = 	 {Kluwer},
  year = 	 {1987}
  }
                  

@Book{hildenbrand2013,
  author =	 {D. Hildenbrand},
  title = 	 {Foundations of geometric algebra computing},
  publisher = 	 {Springer},
  year = 	 {2013}
  }
                  
@Book{perwass2009,
  author =	 {C. Perwass},
  title = 	 {Geometric algebra with applications in engineering},
  publisher = 	 {Springer},
  year = 	 {2009}
  }

@misc{hankin2023_jordan,
  doi = {10.48550/arXiv.2303.06062},
  author = {R. K. S. Hankin},
  title = {Jordan algebra in {R}},
  publisher = {arXiv},
  year = {2023}
  }


@Article{hankin2006_onion,
  author       = {R. K. S. Hankin},
  title        = {Normed division algebras with {R}: introducing the `onion` package},
  journal      = {R News},
  year         = 2006,
  volume       = 6,
  number       = 2,
  pages        = {49--52},
  month        = {May}
  }
                  
@Article{hankin2020_permutations,
  author = 	 {R. K. S. Hankin},
  title = 	 {Introducing the permutations {R} package},
  journal = 	 {SoftwareX},
  year = 	 {2020},
  volume =	 {11}
  }
  
@Manual{sartore2022,
    title = {dual: Automatic Differentiation with Dual Numbers},
    author = {L. Sartore},
    year = {2022},
    note = {R package version 0.0-4},
    url = {https://CRAN.R-project.org/package=dual}
  }
                    
@Manual{rcore2022,
    title = {R: A Language and Environment for Statistical Computing},
    author = {{R Core Team}},
    organization = {R Foundation for Statistical Computing},
    address = {Vienna, Austria},
    year = {2022},
    url = {https://www.R-project.org/},
  }

@book{musser2009,
 author = {Musser, David R. and Derge, Gillmer J. and Saini, Atul},
 title = {{STL} Tutorial and Reference Guide: {C++} Programming with the Standard Template Library},
 year = {2009},
 isbn = {0321702123, 9780321702128},
 edition = {3rd},
 publisher = {Addison-Wesley Professional}
 }

@Misc{hankin2022_spray,
    title = {Sparse arrays in {R}: the {{\tt spray}} package},
    url = {https://arxiv.org/abs/2210.10848},
    howpublished = {\url{https://arxiv.org/abs/2210.03856}},
    author = {Robin K. S. Hankin},
    year = {2022},
    publisher = {arXiv},
    doi = {10.48550/ARXIV.2210.10848},
  }


@misc{hankin2022_mvp,
  title = {Fast multivariate polynomials in {R}: the {{\tt mvp}} package},
  doi = {10.48550/ARXIV.2210.15991},
  url = {https://arxiv.org/abs/2210.15991},
  howpublished = {\url{https://arxiv.org/abs/2210.15991}},
  author = {Hankin, Robin K. S.},
  publisher = {arXiv},
  year = {2022}
  }
                  
@misc{hankin2022_stokes_arxiv,
  doi = {10.48550/ARXIV.2210.17008},
  howpublished = {\url{https://arxiv.org/abs/2210.17008}},
  author = {Hankin, Robin K. S.},
  title = {Stokes's theorem in {R}},
  publisher = {arXiv},
  year = {2022}
  }

